1698 2250
369 261 415 287 116
727 261 758 282 De
770 260 855 282 cometis
868 260 930 281 libelli
942 261 978 281 m.

368 325 482 348 verisimile
492 325 566 353 videri,
583 325 677 354 qnotidie
687 326 766 348 multos
782 326 835 348 tales
846 327 868 348 iu
883 326 920 348 illa
937 327 1037 348 vastitate
1048 324 1120 347 mnndi
1136 326 1195 348 nasci
1207 324 1344 354 densatique.

367 358 395 379 Et
416 361 497 385 tamen,
520 359 538 379 si
555 359 602 386 quis
618 358 691 380 horum
707 360 751 379 tam
767 364 832 386 propo
848 358 935 380 Terram
950 358 1039 386 trajicit,
1061 360 1085 379 nt
1101 356 1150 379 inde
1166 358 1260 386 conspici
1276 358 1345 386 pos-it

366 389 457 411 notabili
473 390 591 417 quantitate
595 405 602 416 ,
619 390 637 411 is
653 389 757 417 siquidem
773 390 877 418 significat
894 389 973 417 aliquid
989 388 1132 416 nihilominus,
1149 395 1162 410 a
1178 390 1253 417 spiritu
1270 389 1343 417 aliquo

334 445 336 448 v
367 421 466 443 aethereo
477 421 519 443 huc
535 421 667 449 potissimum
679 421 770 443 directas
787 424 808 443 et
821 421 934 449 perductus
951 427 998 443 esse
1013 420 1070 442 credi
1086 423 1163 448 potest,
1180 423 1204 442 ut
1220 420 1343 442 hominibus

366 452 404 474 illa
419 452 553 480 significaret,
570 459 625 480 quae
636 459 649 474 a
662 453 708 475 Deo
722 453 796 480 jussus
811 453 885 474 suerat.
913 452 1012 480 Sequitur
1028 455 1099 473 tamen
1115 451 1170 479 inde,
1187 453 1228 473 nisi
1245 452 1343 474 homines

366 487 437 506 essent
447 484 520 512 aliqui,
537 490 575 505 seu
586 484 633 506 Deo
649 490 688 506 seu
699 485 763 506 etiam
779 485 861 512 spiritui
874 483 904 505 illi
921 485 973 510 uoti,
990 484 1016 505 de
1028 483 1179 505 cousuetudine
1195 489 1234 505 sen
1250 484 1343 505 naturali

366 515 502 537 inclinatione
521 518 559 537 aut
580 521 705 543 quacunque
727 516 861 543 instigatione
881 515 1003 543 expiscandi
1024 515 1188 542 significationes
1205 518 1342 542 cometarum,

365 546 417 569 nihil
433 547 598 574 significaturum
615 547 680 569 tuisse
696 550 791 569 cometae
807 553 897 569 cumam.

440 578 488 600 Hoc
499 578 631 600 considerato
642 585 695 607 pene
703 579 813 605 concludo,
824 578 939 607 specialem
948 578 1006 599 iilam
1016 578 1192 606 significationem
1203 581 1341 605 cometarum,

366 616 420 637 quae
436 611 537 638 respiciat
552 611 720 632 circumstantias
736 610 784 632 illas
794 614 871 636 motus,
888 609 975 636 caudae,
992 609 1075 636 coloriS,
1092 611 1191 637 temporis
1208 613 1341 638 ceterasque,

366 641 393 663 ad
405 648 457 669 quas
469 641 564 663 homines
575 643 677 670 respicere
689 642 739 668 dixi,
755 641 816 669 hanc,
828 643 921 669 inquam,
933 641 1066 669 significandi
1077 642 1179 662 rationem
1190 641 1341 663 mathematico

365 673 577 701 impervestigabilem
586 680 638 700 esse,
651 680 698 695 cum
708 679 750 694 non
762 674 893 701 introspiciat
904 673 997 694 omnium
1009 673 1148 700 cogitationes
1159 676 1181 694 et
1190 672 1341 700 dispositiones

364 705 441 732 animi,
465 705 591 732 quibuscum
615 706 700 733 spiritus
724 705 760 727 ille
783 711 821 732 per
843 707 946 726 cometam
967 704 1026 732 loqui
1047 705 1177 733 propositum
1198 704 1271 726 habet.
1305 704 1340 726 Sic

364 735 487 758 adolescens
509 742 580 757 amore
602 737 700 764 saucius,
726 737 834 758 conductis
855 737 940 757 musicis
961 735 1044 764 plateas
1061 739 1175 757 nocturnus
1191 735 1339 762 obambulans,

364 767 414 789 dum
437 768 517 789 amicae
539 774 590 789 suae
611 767 694 795 placere
718 767 800 795 studet,
824 768 904 789 multae
925 768 1001 789 circum
1025 767 1109 795 puellae
1130 766 1225 795 ejusdem
1247 769 1340 789 musices

363 798 473 827 voluptate
484 799 643 827 perfunduntur,
660 802 683 821 st
694 800 754 827 cujas
766 806 792 821 ea
802 800 870 827 gratia
880 799 1012 827 potissimum
1022 802 1128 826 personet,
1140 799 1215 826 quisve
1226 799 1338 827 chougus,

363 834 446 858 praeter
462 837 526 852 unam
542 831 600 858 prius
617 831 746 853 admonitam
763 834 846 853 constat
861 830 921 852 nulli,
954 830 981 852 Et
997 829 1048 858 quid
1065 831 1082 852 si
1098 830 1177 852 multae
1194 830 1280 858 quidem
1298 831 1339 852 hoc

363 862 455 884 officium
472 863 513 884 sibi
531 862 638 885 vindicent
653 862 753 889 misellae,
771 868 818 884 cum
835 862 870 884 ille
887 862 913 884 de
929 868 972 883 una
987 861 1034 883 sola
1050 862 1145 890 cogitet?

438 894 484 915 Nisi
501 894 566 920 sorte.
592 895 628 921 qui
644 894 808 922 significationes
825 896 953 915 cometarum
968 893 1016 921 plus
1033 899 1096 921 quam
1112 892 1220 915 naturales
1236 892 1337 920 defendit,

361 924 402 946 hoc
421 925 484 952 juxta
506 928 597 952 statuat,
621 929 714 948 cometas
735 925 847 953 astrologis
868 926 1000 953 potissimum
1020 924 1090 946 lucere
1110 931 1135 947 eo
1155 924 1196 946 fine
1213 931 1282 952 eoque
1299 931 1336 946 seu

361 956 402 977 Dei
424 963 463 978 seu
482 957 568 985 splritus
587 956 678 985 alicuius
697 958 817 985 proposito,
843 959 866 978 ut
887 956 989 984 astrologi
1005 962 1031 978 ex
1047 957 1162 978 arbitrariis
1178 957 1336 978 asterismorum

360 988 448 1015 picturis
471 991 492 1010 et
515 988 643 1015 imaginibus
666 994 735 1016 exque
758 989 891 1016 antiquorum
913 989 1031 1016 sapientum
1048 989 1087 1016 (sic
1110 994 1133 1010 se
1156 988 1196 1016 ipsi
1218 987 1337 1017 appellant)

360 1019 452 1047 regulis,
473 1019 564 1047 denique
580 1025 606 1041 ex
622 1019 671 1047 illa,
694 1026 757 1048 quam
773 1020 814 1048 ipsi
827 1020 920 1047 jactant,
937 1020 989 1041 artis
1004 1020 1133 1047 experientia
1149 1020 1223 1041 ceteris
1240 1022 1337 1041 cometae

360 1050 479 1078 significata
494 1051 617 1073 edisserant.
645 1051 693 1079 Qua
709 1051 736 1073 de
753 1052 851 1079 opinione
868 1051 936 1078 deque
953 1051 985 1077 iis,
1002 1056 1056 1078 quae
1073 1053 1146 1073 contra
1161 1050 1229 1072 afferri
1246 1054 1337 1078 possunt

360 1084 381 1103 et
402 1082 427 1103 de
448 1082 554 1110 plerisque
571 1082 635 1110 hujus
651 1083 800 1111 disputationis
816 1083 920 1110 capitibus
936 1083 958 1103 in
974 1082 1028 1104 libro
1045 1082 1071 1104 de
1087 1082 1149 1104 Nova
1164 1082 1232 1104 Stella
1248 1083 1336 1110 copiose

360 1112 462 1141 disserui,
486 1113 596 1142 explicatis
619 1114 750 1142 singulorum
772 1113 927 1136 fundamentis:
951 1113 1000 1136 inde
1024 1115 1095 1141 itaque
1119 1114 1181 1142 plura
1203 1116 1274 1141 petat,
1298 1114 1335 1141 qui

359 1144 471 1167 desiderat.
