1698 2250
812 266 916 287 Prwfnuo.
1308 267 1353 293 321

385 331 429 352 nihii
447 332 574 360 promissum
590 337 637 353 esse
654 332 674 352 in
692 331 746 353 tituli
764 332 834 353 verbis
846 331 949 359 allegatis¹
967 331 1024 359 quod
1040 337 1082 352 non
1101 332 1128 352 sit
1144 332 1267 359 praestitum
1283 332 1305 353 in
1321 332 1355 353 his

384 363 444 384 tribus
461 363 649 391 propositionibus.
682 362 744 390 Quod
761 369 810 384 vero
827 363 878 391 pulli
896 363 1074 384 arithmeticorum
1091 362 1211 390 implumes,
1228 363 1354 385 facilitatnm

382 395 447 420 avidi,
472 398 540 416 rostra
557 394 584 416 ad
601 395 655 416 banc
672 401 722 415 usus
738 395 864 416 mentionem
881 395 902 415 in
919 395 1043 416 immensum
1060 394 1162 422 pandunt,
1181 395 1240 416 velut
1255 395 1354 416 hausturi

382 432 451 447 omnes
475 426 705 454 praeceptiuncularum
722 426 878 453 particularium
896 425 962 452 bolos,
980 426 1057 453 quibus
1069 427 1203 452 exsatientur,
1221 426 1243 447 id
1255 426 1354 454 equidem

381 461 485 485 praestare
496 458 517 478 in
534 457 611 479 chartis
623 458 675 484 istis,
693 464 747 484 quae
765 458 937 479 demonstrationi
954 457 1135 478 fundamentorum
1152 461 1212 479 erant
1228 458 1352 485 destinatae,

380 495 419 510 uon
439 489 507 517 potui.
541 489 569 510 At
590 489 677 514 dixeris,
703 490 813 516 sequentia
837 489 903 510 verba
924 489 979 510 tituli
1000 488 1026 510 de
1047 495 1104 510 nova
1121 489 1253 510 arithmetica
1270 490 1355 511 omnino

380 520 439 548 plura
468 520 579 548 polliceri?
611 520 680 542 Video
705 520 802 547 equidem
827 521 956 541 irritamenta
983 520 1121 548 cupiditatum
1145 520 1219 541 talium
1244 524 1265 542 et
1288 520 1354 546 rideo,
1390 522 1392 525 “

378 552 484 579 mirorque
507 558 548 573 non
571 551 669 573 incidisse
690 551 753 578 mihi,
776 558 823 573 cum
839 552 909 573 subito
927 551 1029 573 tabellarii
1048 551 1140 573 discessu
1158 552 1184 572 ad
1201 552 1355 580 properandum

379 583 501 611 compulsus
518 583 570 604 illud
587 583 678 611 elogium
694 584 773 604 inventi
785 583 905 611 Neperiani,
922 589 964 611 quo
978 583 1123 611 typographus
1140 583 1217 611 aliquis
1235 583 1354 609 illiceretur,

379 615 441 636 titulo
464 614 530 636 libelli
552 615 592 636 mei
614 615 774 642 subjungerem,
798 615 842 636 sore
861 618 885 636 ut
901 615 922 635 in
938 614 1007 641 majus
1024 615 1163 643 acciperetur,
1188 614 1253 636 veluti
1270 615 1355 643 propria

378 653 426 667 mea
442 646 548 674 gloriatio.
576 646 618 667 Sed
633 649 739 673 utcunque
757 647 804 673 quis
821 646 861 667 hoc
876 652 944 667 meum
962 646 1071 667 eonsilium
1088 646 1184 674 accipiat,
1202 646 1227 667 de
1239 647 1354 667 intentione

378 677 455 699 saltem
478 684 512 699 me
532 681 619 699 excusat
640 679 766 699 constructio
788 678 931 705 grammatica.
964 677 1011 699 Non
1035 677 1060 699 de
1082 677 1184 699 Chiliadis
1204 677 1290 706 libello,
1312 684 1355 698 nou

379 709 404 731 de
421 715 470 730 mea
486 709 664 730 demonstratione
681 715 732 730 usus
749 709 827 730 dictum
843 709 914 735 vides.
931 709 968 730 scd
986 709 1011 730 ds
1029 709 1169 736 Logarithmis
1186 709 1247 737 ipsis,
1268 710 1355 731 invento

379 740 462 762 scilieet
472 740 599 769 Nepotiane,
615 740 672 768 quod
684 742 709 761 iis
726 746 783 761 nova
798 740 892 762 tradatur
904 740 1043 762 arithmetica.
1069 740 1113 762 Nec
1124 746 1164 768 ego
1180 740 1234 762 baec
1244 741 1355 768 sequentia

380 775 495 800 praecepta
510 772 537 793 de
553 778 593 793 usu
606 771 710 793 Chiliadis
726 772 790 799 hujus
807 773 827 792 in
844 771 865 793 id
882 772 1024 793 submittenda
1040 771 1112 793 libello
1126 772 1171 799 jsm
1188 778 1266 793 excuso
1282 773 1354 798 statui,

381 807 402 825 ut
413 804 470 825 hsnc
486 805 623 831 posteriorem
636 803 691 824 tituli
708 806 788 831 partem
800 804 883 831 penitus
899 803 927 825 ad
937 804 1005 831 ipsam
1022 810 1090 824 meam
1101 803 1198 824 Cliiliada
1214 803 1354 824 traducerem:

379 838 502 862 segregetur
524 841 550 856 ea
569 841 617 863 pars
639 835 695 856 tituli
717 841 730 855 a
750 835 822 856 labore
844 841 891 856 meo
911 835 981 862 adque
1002 836 1111 856 inventum
1128 836 1196 862 ipsum
1212 834 1355 862 Neperianum

380 869 400 888 et
421 866 450 888 ad
467 872 570 888 canonem
586 866 771 894 Logarithmorum
791 866 913 893 quadrantis
934 866 1042 888 reseratur.
1074 866 1121 887 Non
1138 866 1211 887 titulus
1227 867 1267 888 iste
1284 866 1354 887 subito

381 901 503 926 conceptus,
521 898 559 919 sed
575 898 655 919 utilitas
672 899 718 926 ipsa
735 899 819 919 emtoris
836 905 869 919 uie
886 901 963 926 monet,
981 900 1004 919 ut
1021 898 1127 925 quomodo
1143 897 1240 925 singulae
1254 897 1357 919 Chiliadis

380 929 492 951 columnae
513 930 595 957 possint
615 929 642 950 ad
662 936 723 951 usum
740 929 864 957 popularem
880 929 950 951 referri
965 932 988 951 et
1005 932 1109 957 quatenus
1127 929 1224 957 pauculis
1240 930 1358 957 praeceptis

381 960 485 983 docerem.
518 961 550 982 Ea
571 967 621 982 vero
640 961 729 982 reseram
749 962 769 982 in
791 964 848 982 certa
869 961 946 988 capita.
979 961 1003 981 In
1025 961 1091 988 primo
1113 960 1205 988 paucula
1225 961 1357 988 praemittam

381 992 405 1014 de
427 992 504 1014 tabula
525 992 634 1013 chiliadis.
667 992 691 1013 ln
713 992 829 1013 seeundum
852 995 915 1020 caput
936 992 1023 1013 reseram
1046 993 1225 1019 comparationem
1247 992 1357 1013 columnae

380 1029 467 1045 arcuum
489 1029 535 1045 cum
560 1024 657 1045 columna
678 1023 821 1045 rotundorum.
854 1023 927 1045 Tertio
947 1023 1015 1045 dicam
1032 1023 1058 1045 de
1075 1024 1231 1051 comparatione
1248 1023 1357 1045 columnae

381 1055 487 1077 secundae
504 1056 588 1076 sinuum
598 1061 645 1076 eum
663 1056 725 1077 tertia
736 1055 919 1082 quadrivieenaria
935 1058 956 1076 et
972 1056 1046 1082 quinta
1062 1056 1247 1082 sexagesimorum.
1277 1054 1357 1082 Quarto

382 1087 510 1114 comparabo
534 1086 737 1113 quadrivicenarism
762 1093 809 1108 cum
832 1087 975 1115 sexagenaria.
1007 1086 1032 1108 In
1056 1087 1128 1113 quinto
1153 1087 1223 1114 capite
1245 1087 1285 1107 erit
1307 1092 1358 1107 usus

383 1118 578 1145 quadrivicenariae
589 1121 610 1139 et
620 1118 780 1145 logarithmicae
794 1118 937 1139 columnarum
945 1118 1072 1145 junctarum.
1102 1118 1125 1139 ln
1137 1121 1197 1139 sexto
1209 1118 1358 1145 sexagenariae

383 1152 402 1171 et
415 1149 583 1177 logaritbmlcae.
611 1149 635 1170 In
652 1151 742 1177 septimo
759 1150 914 1177 comparabitur
925 1150 1023 1171 columna
1038 1150 1106 1177 prima
1123 1156 1208 1171 arcuum
1226 1155 1272 1170 cnm
1284 1153 1359 1176 quam.

383 1180 572 1209 Logarithmorum.
600 1181 624 1202 In
639 1184 715 1202 octavo
731 1181 845 1209 jungentur
861 1181 958 1202 columna
974 1180 1068 1202 secunda
1082 1181 1227 1203 absolutorum
1244 1184 1265 1202 et
1281 1183 1357 1208 quarta

385 1211 571 1240 Logarithmorum.
604 1212 629 1234 In
651 1219 707 1234 nono
729 1212 820 1240 denique
840 1212 938 1234 column
954 1212 1139 1240 Logaritbmorum
1158 1213 1258 1240 jungetur
1274 1212 1356 1234 duabus

386 1243 427 1265 aliis
442 1244 553 1266 columnis.

440 1909 508 1929 tantas-1
516 1909 576 1929 Opon-
594 1909 633 1926 vu.
1178 1907 1206 1927 21
