1698 2250
680 270 709 290 De
722 269 801 300 Origine
814 270 910 290 Gentium<
1230 271 1275 296 799

301 334 401 363 anheto·
415 334 477 357 datae
494 335 590 363 regiones
608 334 700 360 Chetim,
718 336 830 362 interprete
846 333 953 362 Josepho,
970 334 1084 360 maritima,
1102 334 1189 360 insulae.
1207 338 1276 357 trans-

301 367 397 388 marinae
414 367 516 394 regiones.
545 366 601 387 Olim
618 372 664 387 mos
681 368 731 392 erat,
748 370 771 387 ut
785 366 852 393 major
862 367 950 387 serviret
961 366 1041 389 minori.
1059 365 1096 386 sed
1107 366 1153 387 Noe
1165 367 1276 395 (thumum,

301 398 407 424 medium,
424 398 565 424 maledictum,
583 404 667 419 servum
683 398 756 418 ceteris
773 398 892 422 constituit,
910 398 1022 424 praecipue
1039 397 1136 424 Canium,
1154 398 1209 418 unde
1226 398 1275 420 huie

302 430 410 457 populoso
427 436 471 450 sors
488 430 579 455 minima,
597 430 670 450 ceteris
687 433 747 450 aestu
761 429 859 456 flagrans.
886 428 934 449 Sem
947 429 1018 456 itaque
1030 430 1129 456 optimam
1142 432 1221 457 partem
1233 433 1275 450 ter-

302 467 373 482 rarum
391 461 487 487 obtinuit,
505 461 570 482 cham
587 461 655 482 minor
670 464 691 481 et
702 460 825 482 maledictus
837 464 895 481 aestu
908 459 1006 487 ndustss3
1023 459 1103 487 Japliet
1114 465 1164 482 natu
1177 462 1275 482 minimus

303 494 409 514 maritime
426 492 558 514 commodato
576 492 659 517 habuit,
678 498 719 519 qno
737 498 803 519 nsque
819 498 856 519 pet·
871 495 974 518 aetatem,
991 496 1096 513 crescente
1113 492 1199 520 populo,
1216 492 1276 513 suifi-

304 527 361 546 eeret
377 524 547 551 navigationibus
564 523 690 550 longinquis.
725 523 811 549 Dilatet,
829 524 897 551 inquit
913 523 964 549 Noe,
985 523 1043 545 Deus
1061 523 1140 551 Japliet
1158 527 1178 545 et
1195 524 1276 546 habitet

304 556 325 576 in
342 556 483 577 tabernaculis
500 555 555 577 Sem.

381 587 455 608 Citami
471 587 527 608 filius
543 587 600 607 Clitis
618 586 708 606 obtinuit
725 586 831 612 Arabium,
849 586 909 613 eujus
926 592 990 613 nepos
1002 585 1066 611 Saba,
1084 593 1108 607 cx
1127 586 1169 608 filio
1186 586 1274 614 Regma,

305 619 325 639 in
343 618 398 639 felici
416 619 495 639 Arabia
511 619 568 645 genti
585 618 623 638 toti
640 623 715 638 nomen
732 617 799 643 dedit,
817 618 880 638 frater
896 617 970 638 Dedan
989 617 1075 639 Adenae
1093 624 1178 645 regnum
1196 619 1275 639 eonsti-

304 650 345 670 tuit
362 649 389 670 ad
406 649 468 671 litora
484 649 635 672 meridionalia,
653 649 715 670 ceteri
732 648 847 674 Sabbatha,
865 648 986 674 Sabatlnnn,
1005 648 1082 670 Hevila
1097 653 1117 670 et
1128 649 1182 670 fitius
1195 656 1274 677 cogno-

305 681 368 702 minis
386 682 457 709 nepoti
474 685 578 702 extrusere
595 680 658 704 Saba.
676 684 765 701 ceteram
783 681 882 701 Arabiam
900 680 1001 707 paulatini
1019 680 1129 707 implerunt
1146 684 1166 702 et
1183 688 1274 708 sequen-

306 712 364 733 tibus
381 713 457 733 seculis
475 713 494 733 in
513 713 604 734 Africum
621 712 647 733 ad
664 712 739 732 fretum
755 711 908 733 Babelmundel
926 711 1058 738 trajecerunt.
1087 712 1167 733 Puthua
1184 712 1274 734 medinm

306 743 395 770 replevit
414 744 515 768 Africam,
534 744 619 764 Canaan
637 743 685 764 litus
702 744 764 764 maris
781 743 807 764 ad
826 743 952 764 Damascum
970 749 1035 770 usque
1053 746 1073 765 et
1090 744 1187 770 interius,
1205 745 1235 765 ita
1252 747 1274 765 ut

306 775 399 802 undique
415 775 477 796 tratre
495 775 565 796 Chuso
583 778 603 796 et
619 774 726 795 Misruiino
743 775 869 800 cingeretur,
887 781 925 795 nee
941 775 1016 802 potuit,
1034 778 1056 795 ut
1073 776 1141 801 ceteri,
1158 782 1208 796 suos
1225 782 1274 803 pro-

306 807 373 827 latare
395 807 506 832 terminos,
531 807 571 827 nisi
588 809 625 827 aut
641 809 721 827 eeteros
737 810 792 827 sorte
809 806 932 833 expelleret,
949 809 985 827 aut
1003 810 1059 827 trans
1076 813 1131 827 mare
1147 807 1196 833 iret,
1218 806 1274 834 quod

306 838 393 865 quidem
410 838 477 859 secere
489 837 612 862 Phoenices,
630 841 766 858 mercatorum
783 839 850 864 primi,
867 841 887 858 et
899 837 961 863 Dido,
979 837 1008 858 illi
1024 844 1079 859 anno
1093 840 1137 859 500
1154 841 1203 865 post
1219 838 1275 859 dilu-

305 870 371 894 vium,
389 869 441 890 haee
457 870 518 890 annis
537 871 595 890 1100
613 872 667 896 post,
684 869 797 889 secundum
814 869 931 896 Virgilium,
949 873 971 890 at
986 869 1100 890 seeundum
1117 872 1197 891 eeteros
1215 872 1274 891 1500

303 902 367 922 annis
384 904 437 929 post.
465 900 516 921 Inde
528 901 702 928 Carthaginenses
719 901 896 928 circumnavigata
913 900 998 922 Atlante
1016 904 1117 922 venerunt
1133 901 1160 922 ad
1178 901 1275 922 occiden-

304 931 359 953 talia
375 931 436 953 litora
454 932 542 953 Africae.

382 963 476 984 Misruim
498 970 547 984 vero
568 966 611 984 tam
628 962 737 984 obtinebat
754 963 873 989 Aegyptum
890 966 911 983 et
927 962 1027 989 paulatim
1044 963 1139 991 implevit
1155 965 1275 985 universum

305 995 358 1016 litus
376 995 472 1020 Africae,
491 994 593 1015 Numidas
610 995 673 1020 igitur
689 994 781 1015 condidit
800 994 906 1019 Anamim,
929 993 1008 1022 Libyas
1026 994 1140 1021 Lahabim,
1158 995 1239 1017 Nabios
1255 999 1276 1017 ct

303 1026 427 1047 Tunctanos
444 1026 595 1053 Neplitlialim,
619 1025 759 1047 Palaestinam
776 1025 919 1053 Caplitliorim.
947 1025 974 1046 Et
995 1029 1075 1047 ceterae
1098 1029 1184 1054 gentes,
1207 1027 1275 1048 Gara-

304 1060 395 1083 mantes,
414 1057 527 1084 Tingitani,
545 1056 627 1078 Mandri
640 1060 678 1078 ete.
696 1057 723 1078 ab
740 1057 779 1078 liae
796 1057 880 1077 familia.
907 1056 1045 1078 Nominnntur
1062 1059 1116 1079 enim
1128 1058 1196 1080 adhue
1207 1058 1276 1080 ctiss-

302 1089 379 1115 tanim,
396 1088 478 1114 Ludim,
494 1089 609 1114 Petronium
626 1089 696 1109 nescio
714 1095 739 1108 nn
757 1096 770 1109 a
787 1088 909 1109 Cliusluliim
926 1088 1109 1110 Getuli-Gesuli.

384 1120 493 1147 Quaedam
510 1121 582 1141 harum
599 1121 699 1147 gentium,
717 1119 785 1140 Plinio
803 1123 862 1146 teste,
880 1120 994 1141 visceribus
1011 1126 1108 1148 pecorum
1128 1124 1239 1143 vescuntur
1256 1125 1276 1143 et

304 1155 411 1179 vagantur
428 1158 484 1172 more
501 1158 606 1179 pecorum.
640 1151 672 1171 Ab
690 1152 714 1171 iis
731 1150 854 1172 descendere
871 1151 918 1172 illos
936 1152 1048 1173 verisimile
1065 1156 1107 1178 est,
1130 1153 1166 1180 qui
1183 1156 1232 1174 sunt
1248 1153 1275 1174 ad

305 1187 372 1210 eaput
388 1184 456 1204 bonae
473 1184 524 1211 spei,
542 1184 619 1210 quibus
636 1182 690 1203 idem
706 1189 758 1203 mos.
786 1183 841 1203 Tota
857 1182 946 1209 denique
964 1183 1035 1204 Africa
1052 1183 1187 1205 occidentalis
1198 1191 1211 1205 a
1222 1184 1276 1205 Mis-

302 1216 378 1240 raimo,
396 1214 503 1236 orientalis
520 1221 533 1235 a
550 1215 627 1239 ebuso,
645 1214 797 1235 mediterranea
813 1221 826 1235 a
842 1214 911 1235 Pullio
928 1214 971 1241 (cui
987 1214 1038 1235 nulli
1056 1216 1188 1236 nominantur
1204 1216 1275 1243 liberi)

303 1246 387 1273 repleta
402 1247 447 1267 suit.
481 1246 517 1267 Est
533 1250 603 1267 autent
621 1245 739 1272 verisimile,
756 1245 884 1272 nigredinem
901 1245 958 1266 illam
974 1247 1041 1273 primo
1058 1246 1138 1268 Chamo
1155 1247 1275 1268 adhaesisse

304 1278 397 1305 indeque
421 1278 517 1299 omnibus
538 1278 583 1304 ejus
603 1277 692 1304 posteris
714 1277 740 1297 nd
761 1280 905 1304 argumentum
922 1277 1081 1299 maledictionis.
1114 1278 1138 1299 ln
1155 1278 1195 1299 hac
1211 1280 1275 1306 stirpe

302 1310 394 1337 primum
412 1309 449 1330 suit
466 1310 588 1336 imperatum
609 1308 628 1336 1)
645 1313 657 1329 a
673 1308 772 1329 Nimrodo
790 1309 849 1329 annis
868 1310 911 1330 250
928 1315 947 1335 p.
964 1308 1078 1336 diluvium,
1096 1310 1131 1336 qui
1149 1310 1275 1337 aedificavit,

306 1344 411 1367 occupata
427 1340 543 1367 Babylone,
561 1340 646 1366 Κίιιιιηις
665 1339 687 1367 2)
704 1340 723 1359 in
742 1340 839 1367 Aegypto
856 1346 869 1360 a
884 1338 986 1362 Misraim.

383 1371 475 1393 semitae
492 1373 522 1392 sie
539 1371 687 1392 distribuerunt
698 1372 805 1398 regiones:
825 1371 937 1398 Arpliaxad
949 1372 1052 1393 maximus
1064 1373 1140 1393 mansit
1150 1372 1197 1394 loco
1210 1373 1277 1401 patrio

306 1404 329 1424 in
342 1403 455 1429 Chaldaea,
470 1403 552 1430 Lydum
566 1404 584 1423 in
597 1402 725 1424 occidentem
736 1402 874 1428 solstitialem,
888 1403 987 1424 Aramum
1000 1404 1019 1424 in
1031 1405 1199 1430 septentrionem,
1217 1404 1276 1425 Elam

306 1435 327 1455 in
346 1435 453 1461 orientem,
472 1434 570 1455 Assnrem
588 1435 607 1455 in
626 1437 692 1455 ortum
708 1434 840 1455 solstitialem
856 1435 949 1455 extrusit.
979 1435 1051 1455 Assuri
1068 1435 1119 1456 nulli
1137 1440 1276 1456 memorantur

307 1466 382 1492 liberi,
406 1469 428 1487 ut
445 1469 465 1487 ct
481 1466 558 1491 Elami,
577 1466 638 1493 igitur
655 1472 695 1486 non
713 1466 843 1486 incommode
860 1466 973 1487 retinentur
990 1467 1010 1486 in
1027 1466 1194 1492 mediterraneis,
1217 1470 1240 1488 ut
1257 1470 1278 1488 et

306 1497 388 1525 Lydus.
416 1498 449 1518 Ab
467 1497 506 1518 hoe
522 1497 585 1524 igitur
603 1496 675 1524 Lydia,
693 1497 720 1517 ab
733 1497 810 1518 Assure
821 1497 916 1525 Assyria.
933 1497 959 1518 ab
972 1497 1031 1518 Elam
1044 1498 1136 1525 Elymais
1154 1498 1276 1526 completae.

307 1528 431 1556 Arphaxadi
449 1529 560 1556 posteritas
577 1531 642 1549 toturn
660 1528 759 1549 orientale
777 1528 826 1549 litus
843 1529 955 1555 occupavit
971 1529 1060 1556 indeque
1077 1536 1174 1551 successu
1192 1530 1276 1551 seculo-

306 1567 353 1581 rum
371 1561 392 1581 in
410 1560 488 1581 insulas
506 1560 638 1587 trajecerunt,
656 1560 675 1580 in
693 1560 783 1580 Auream
796 1559 974 1586 Cltctsonnestim,
992 1560 1145 1587 Taprobanem,
1163 1565 1277 1588 posteaque

308 1593 329 1613 in
348 1592 458 1618 contiguas
474 1592 516 1612 fere
533 1591 612 1612 insulas
630 1591 791 1612 innumerabiles
811 1597 876 1618 usque
892 1591 919 1612 ad
937 1591 1041 1613 Guinenm
1058 1598 1094 1619 per
1111 1595 1155 1613 500
1173 1593 1276 1614 milliaria.

308 1623 369 1650 Quae
386 1629 436 1644 sane
454 1629 501 1650 pars
518 1626 583 1643 terrae
601 1623 651 1643 olitn
667 1622 750 1643 videtur
766 1623 875 1643 continens
892 1623 955 1644 fuisse
972 1626 993 1644 et
1010 1630 1045 1649 co,
1063 1623 1118 1651 quod
1135 1625 1182 1644 sinu
1200 1631 1275 1651 magno

306 1655 387 1675 fluxum
408 1655 480 1676 oceani
502 1655 614 1675 immanem
636 1654 750 1680 exciperet,
773 1654 867 1681 plurimis
884 1654 904 1674 in
921 1654 973 1676 loeis
990 1658 1095 1682 perrupta.
1128 1655 1278 1676 Successerunt

306 1686 389 1713 aliquot
406 1686 448 1706 alia
466 1686 544 1708 secula.
561 1685 611 1706 dnm
627 1688 671 1706 tota
688 1685 807 1712 impleretur
819 1685 964 1712 Magetlauiea,
982 1689 1030 1714 post
1046 1686 1072 1707 ad
1084 1686 1158 1708 fretum
1170 1687 1276 1709 Victoriae

306 1718 435 1745 trajecerunt
450 1718 513 1738 etiam
531 1718 551 1737 in
562 1717 686 1742 Peruannnt,
704 1723 746 1743 quo
762 1716 846 1744 longius
857 1716 951 1743 digressi,
969 1717 1008 1738 hoe
1019 1717 1130 1739 alieniores
1140 1718 1167 1739 ab
1179 1718 1276 1740 numani-

266 1765 268 1767 .
307 1752 357 1770 tate.
386 1749 419 1769 An
437 1753 506 1770 autem
524 1751 544 1769 et
561 1749 588 1769 ab
605 1751 696 1769 extrema
708 1747 804 1769 Tartaria
815 1748 911 1769 Amorion
922 1749 984 1769 tuerit
995 1748 1081 1776 repleta,
1098 1756 1125 1771 an
1137 1756 1161 1771 ex
1174 1750 1277 1776 Pet-uana,

308 1780 330 1801 id
348 1780 434 1801 dubium
451 1783 489 1801 est.
518 1780 577 1801 Certe
589 1786 602 1800 a
614 1780 713 1800 Clmmitis
730 1785 772 1800 non
789 1783 897 1806 venerunt,
915 1786 962 1801 eum
975 1786 1016 1801 non
1027 1781 1068 1801 sint
1080 1782 1140 1808 nigri.
1168 1781 1203 1802 Sic
1215 1782 1278 1809 igitur

308 1815 390 1839 partem
407 1812 507 1839 optimam
524 1812 591 1832 tenuit
607 1809 733 1838 Arphaxad,
755 1809 816 1831 litora
834 1811 903 1832 maris.
938 1811 970 1832 Ab
988 1811 1087 1839 Ophiriea
1103 1815 1154 1840 puto
1172 1812 1277 1834 Cherson-

308 1849 383 1865 uesum
405 1849 501 1869 auream,
523 1849 537 1863 a
553 1842 610 1864 Saba
631 1842 710 1863 vicinos
731 1844 751 1863 et
771 1842 798 1863 ab
815 1841 906 1863 Haevilu
923 1842 1074 1864 denominatas.
1107 1843 1169 1870 Inde,
1190 1845 1217 1865 ab
1237 1844 1277 1866 hoe

309 1876 396 1901 oriente,
413 1880 489 1896 venere
505 1874 569 1901 magi.
602 1873 681 1895 Mansit
697 1874 752 1895 enim
768 1873 909 1895 sacerdotium
924 1874 946 1895 in
962 1875 1054 1903 principe
1070 1874 1170 1897 samniae.
1199 1875 1277 1897 Eorum
