1698 2250
630 734 987 765 PROOEMIUM.

396 893 433 930 De
452 909 543 930 cometis
564 910 677 930 astronomi
699 908 793 930 rnoderni
810 909 867 930 haud
884 910 913 930 ita
928 909 1017 930 multum
1033 908 1123 935 habent..
1145 908 1202 936 quod
1220 908 1296 930 dicant.

330 938 383 965 Quae
400 942 426 961 sit
442 944 518 961 natura
531 946 640 968 corporum
652 944 780 962 cometarum
792 947 906 967 corumque
918 940 1038 965 caudarum,
1056 939 1110 961 unde
1121 939 1215 968 plerique
1227 941 1297 961 orian—

330 974 364 994 tur,
381 978 421 998 quo
440 972 599 999 proficiscantur
616 971 664 993 dum
682 975 821 998 evanescunt,
839 972 901 993 hodie
918 978 959 993 non
977 973 1045 992 miuus
1061 972 1162 993 incertum
1179 975 1216 996 cst,
1234 978 1297 998 quam

329 1004 452 1029 temporibus
469 1003 564 1030 Keplcri.
597 1002 681 1030 Quanta
701 1004 771 1024 absint
790 1003 890 1024 distantia
905 1010 918 1024 a
934 1003 983 1024 Solu
1002 1003 1034 1024 vel
1051 1002 1116 1024 Terra
1133 1004 1247 1024 astronomi
1264 1009 1298 1024 rc-

330 1035 433 1060 centiores,
451 1035 519 1062 adjuti
537 1035 679 1056 instrumentis
696 1035 847 1061 subtilioribus,
865 1034 996 1062 aliquantum
1007 1035 1126 1055 accuratius
1138 1035 1297 1061 investigarunt,

329 1070 386 1091 qnam
404 1067 472 1093 potuit
490 1066 596 1093 Keplerus
612 1071 633 1087 et
649 1067 684 1094 qui
702 1068 770 1094 ipsum
787 1066 941 1095 praecedebant
957 1065 1030 1094 Tycho
1043 1065 1118 1091 Brahe,
1136 1065 1260 1086 Maestlinus
1278 1069 1299 1086 ct

329 1095 368 1117 alii.
402 1096 521 1118 Paucorum
535 1104 546 1119 e
557 1100 616 1118 tanto
633 1104 720 1118 numero
737 1102 865 1119 cometarum
882 1100 950 1119 certus
967 1098 1093 1118 constitutus
1110 1101 1142 1118 cst
1158 1097 1221 1122 orbis,
1239 1097 1298 1124 eujus

329 1131 416 1149 centrum
434 1128 477 1155 Sol,
496 1130 531 1150 via
549 1129 649 1157 elliptica.
683 1128 752 1156 Quare
770 1136 842 1156 parum
860 1129 946 1150 haberet
962 1132 1033 1150 nostra
1050 1132 1116 1154 uetus,
1133 1135 1175 1156 quo
1192 1128 1298 1155 glorietur,

326 1165 432 1186 superasse
449 1166 472 1181 se
490 1159 616 1188 chlerum,
639 1161 688 1188 qui,
712 1162 785 1188 paucis
805 1164 885 1181 tantum
902 1161 930 1181 ab
947 1161 992 1187 ipso
1010 1161 1127 1187 conspectis
1144 1164 1165 1181 et
1181 1160 1298 1181 observatis

327 1192 416 1217 cometis,
434 1197 504 1219 neque
521 1192 587 1212 multo
603 1192 705 1219 pluribus,
723 1198 777 1219 quos
794 1199 807 1213 a
823 1192 926 1219 prioribus
938 1193 1066 1212 accuratiore
1077 1192 1172 1212 examine
1183 1192 1298 1219 descriptos

328 1226 445 1249 acceperat,
469 1229 516 1244 cnrn
540 1223 581 1244 illis
604 1225 742 1251 comparatis,
765 1224 785 1244 in
802 1230 891 1245 errorem
908 1222 991 1249 incidit,
1014 1223 1186 1250 „trajectio-new
1205 1228 1300 1243 asserens

327 1258 450 1275 cometarum
468 1261 514 1276 esse
531 1252 608 1276 lineam
625 1258 709 1281 rectam,
727 1256 766 1276 nisi
783 1255 877 1282 pluribus
895 1259 968 1282 postea
986 1255 1102 1275 observatis
1119 1255 1207 1276 cometis
1226 1257 1246 1274 et
1259 1253 1298 1274 ad-

327 1284 395 1305 hibitis
413 1286 529 1307 subtilioris
547 1286 709 1308 mathematicae
727 1286 809 1313 legibus
820 1287 956 1307 constitutum
969 1289 1031 1311 esset,
1049 1292 1127 1311 omnes,
1145 1287 1180 1313 qui
1193 1286 1299 1312 conspecti

326 1319 382 1340 sunt,
400 1321 492 1338 cometas
514 1318 569 1338 circa
586 1317 656 1339 Solem
679 1319 739 1345 quasi
757 1318 825 1339 locum
842 1317 959 1340 describere
975 1318 1079 1338 sectiones
1096 1318 1189 1340 eonicas,
1211 1323 1299 1343 quarum

326 1347 351 1367 ad
367 1347 471 1369 calculum
488 1349 665 1375 commodissima,
684 1349 811 1376 parabolica,
830 1349 897 1370 electa
913 1352 950 1375 cst,
968 1355 1011 1376 qua
1027 1355 1077 1370 vera
1088 1352 1182 1370 cometae
1195 1349 1229 1368 via
1241 1354 1299 1369 conr-

326 1382 436 1406 putaretur.
473 1380 597 1407 Repetenda
616 1387 726 1402 censemus
747 1387 782 1407 ea,
808 1387 863 1408 qnae
883 1380 974 1401 diximus
992 1380 1034 1401 vol.
1051 1380 1068 1401 1.
1084 1387 1105 1407 p.
1124 1380 1175 1401 196.
1199 1379 1224 1401 de
1246 1379 1300 1400 salsa

326 1410 363 1431 hac
374 1411 459 1438 Kepleri
477 1413 583 1439 opinione,
600 1411 653 1433 baec
670 1415 796 1433 annotantes
812 1412 839 1433 ad
856 1411 998 1433 excusandam
1010 1411 1137 1439 hypothesin
1148 1411 1299 1438 Keplcrianam

329 1448 346 1469 p.
360 1444 413 1463 119:
432 1449 502 1469 „error
513 1443 565 1464 forto
576 1443 727 1464 condonandus
740 1444 792 1468 viro,
810 1444 845 1470 qui
862 1450 935 1470 purum
953 1444 1066 1464 instructus
1083 1443 1150 1464 tuerat
1167 1443 1300 1464 observatio-

328 1474 387 1494 nibus
404 1474 492 1495 aliorum
510 1478 677 1496 astronomorum
694 1475 871 1500 accuratioribus,
889 1481 956 1501 neque
972 1475 1017 1501 ipse
1034 1475 1081 1502 plus
1099 1481 1162 1502 quarn
1180 1475 1211 1495 bis
1229 1480 1300 1495 corne-

329 1507 360 1526 tae
376 1509 454 1526 motum
470 1506 582 1527 observare
593 1510 696 1534 potuerat.
724 1506 821 1527 Ceterum
838 1506 891 1527 haec
907 1506 1030 1533 hypothesis
1048 1506 1185 1533 posteriorum
1203 1509 1300 1526 astrono-

329 1542 405 1557 morum
427 1537 610 1558 observationibus
631 1538 867 1565 computationibusque
889 1538 995 1563 inserviit,
1018 1543 1086 1564 neque
1108 1538 1164 1564 prins
1186 1542 1257 1557 verum
1275 1536 1300 1557 de

329 1571 452 1589 cometarum
473 1572 530 1590 motu
548 1569 651 1596 judicium
672 1570 725 1590 serre
747 1569 816 1594 licuit,
839 1575 901 1596 quam
918 1569 939 1590 J.
957 1569 1046 1590 Newton
1063 1576 1100 1594 ea,
1124 1575 1178 1595 qnae
1196 1567 1300 1594 Keplerus

329 1598 371 1620 Soli
382 1599 515 1627 planetisque
527 1600 679 1627 vindicaverat,
696 1600 760 1621 latius
771 1603 857 1628 patente
868 1601 951 1621 nomine
963 1601 1059 1621 omnibus
1071 1600 1192 1628 corporibus
1205 1599 1299 1620 tribuit.“

400 1630 476 1657 Libris,
493 1638 547 1659 quos
563 1635 675 1659 sequentes
689 1632 782 1659 paginae
794 1632 899 1657 exhibent,
917 1635 1011 1653 cornetae
1024 1631 1173 1656 describuntur,
1191 1630 1228 1657 qui
1240 1630 1300 1651 minis

331 1661 384 1683 160⁷
402 1666 423 1683 et
442 1663 502 1684 1618
524 1666 672 1691 apparuerunt.
706 1663 815 1685 Cometam
838 1664 887 1684 anni
906 1666 973 1684 1607.
995 1663 1099 1690 Keplerus
1118 1662 1238 1689 germanico
1256 1668 1301 1683 ser-

328 1698 386 1714 mone
402 1693 513 1722 descripsit
529 1697 627 1721 tractatu,
644 1701 706 1723 quem
724 1695 841 1723 inscripsit:
860 1694 1018 1715 Aussiihrlichcr
1035 1694 1119 1715 Bericht
1132 1700 1172 1714 von
1184 1693 1231 1715 dem
1243 1700 1300 1714 new-

327 1724 366 1745 lich
388 1725 415 1746 im
433 1725 508 1747 Monat
523 1725 641 1753 Septembri
664 1726 706 1747 vnd
725 1726 811 1748 Octobri
833 1726 876 1747 diss
895 1727 961 1747 1607.
979 1725 1043 1747 Jahrs
1066 1725 1213 1746 erschienencn
1231 1725 1301 1746 Haur-

326 1760 380 1777 stern
403 1756 454 1778 oder
472 1757 573 1779 Cometen
590 1761 629 1779 etc.
662 1757 713 1778 Hali
732 1759 803 1784 1608,
827 1763 917 1784 eumque
936 1757 1001 1778 latine
1023 1763 1106 1777 versum
1123 1757 1232 1784 subjunxit
1248 1756 1301 1777 libro

326 1788 433 1816 inscripto:
457 1788 490 1810 De
512 1790 599 1810 cometis
620 1788 687 1810 libelli
703 1788 745 1811 111.
767 1789 821 1817 Aug.
839 1788 904 1809 Vind.
925 1790 994 1814 1519,
1018 1788 1078 1815 cujus
1094 1788 1161 1810 libelli
1179 1788 1207 1810 ll.
1225 1790 1245 1809 et
1261 1787 1300 1808 111.

326 1825 400 1848 magns
417 1826 442 1841 ex
454 1823 515 1847 parts
527 1820 634 1842 continent
645 1827 678 1845 ea,
696 1827 750 1848 quse
762 1824 863 1842 tractatus
875 1820 940 1841 habet
951 1820 1089 1847 germanicus,
1107 1819 1211 1848 adjunctis
1225 1819 1301 1847 „notis,

324 1857 349 1872 ex
365 1854 444 1873 eventu
461 1852 554 1879 petitis.“

398 1883 532 1911 Conspectus
549 1889 626 1910 eorum,
644 1889 699 1911 quaa
709 1884 781 1904 insunt
793 1883 851 1905 libris
863 1884 928 1904 tribus
941 1882 967 1904 de
980 1882 1080 1911 Cometis,
1097 1882 1131 1903 hio
1142 1885 1181 1903 est.
1209 1881 1273 1903 Libro
1285 1881 1302 1903 l.

1117 1920 1153 1941 10
