1698 2250
726 266 850 286 Prooemium
865 265 957 286 Editoris.
1311 266 1326 291 5

419 331 516 351 Tertium
534 333 642 352 cometam
659 329 768 358 Keplems,
786 330 819 351 die
837 332 872 351 29.
885 330 939 351 Nov.
957 336 1059 358 quaerens
1075 330 1202 356 aemmtlum,
1216 331 1325 359 conspexit

361 361 483 384 unissimum
508 363 566 383 infra
588 361 670 383 lancem
687 361 763 383 Librae
780 363 840 389 eique
859 362 930 382 tribuit
947 361 1003 389 long.
1023 361 1062 383 12⁰
1079 361 1115 384 43⁴
1135 362 1174 391 Πι,
1194 361 1230 383 lut¹
1249 361 1274 383 7⁰
1290 362 1327 384 30¹

361 394 394 415 bor.
423 393 463 415 Die
482 396 504 414 7.
521 393 574 415 Jan.
596 395 661 415 1619.
679 393 731 414 vidit
754 393 795 420 „ad
817 393 953 421 penultimam
976 393 1056 415 caudae
1074 393 1177 415 Draconis
1193 393 1325 421 splendorem

359 425 408 452 qussi
427 425 548 446 nebulosae
570 425 753 449 convolutionis“;
776 431 802 446 an
827 431 876 446 vero
897 428 979 446 cometa
1003 428 1058 446 esset
1083 425 1113 446 illi
1138 425 1212 446 stellae
1232 426 1325 453 junctus,

359 460 404 478 certe
419 457 513 484 profiteri
530 462 573 478 non
591 463 655 477 ausus
673 460 711 478 est.
741 456 814 482 „Haec
826 456 900 478 ultima
911 459 942 477 est
954 457 1096 478 observatio.¹·
1125 456 1215 478 'Fabella
1226 456 1327 484 adJuncta

358 489 421 515 incipit
437 496 450 509 a
467 488 503 510 die
520 490 559 509 ²24.
571 488 630 513 Dee,
647 494 689 515 quo
706 488 815 514 longitudo
832 491 926 509 cornetae
943 488 1027 515 ponitur
1047 488 1085 509 18υ
1097 488 1118 509 ‘2'
1137 489 1171 516 ”b
1190 488 1224 509 die
1242 489 1262 509 S.
1275 488 1327 509 Dec.

358 517 392 541 πθ
408 519 443 541 33¹
464 521 518 545 ἑ,
541 519 561 540 d.
580 522 615 540 21.
634 519 675 540 ριν)
690 520 727 540 43¹
745 519 785 549 up,
808 519 827 539 α.
848 522 866 541 1.
884 519 934 541 Jan.
953 518 993 540 27⁰
1011 522 1039 540 «ιο
1059 522 1088 545 ῃ,
1113 519 1146 540 die
1164 521 1199 540 20.
1217 519 1267 541 Jnn.
1286 517 1327 541 eo·

358 552 389 572 50¹
404 550 445 580 ὓς
463 551 556 572 latitudo
573 552 647 572 crescit
662 557 676 572 a
693 550 718 572 4⁰
735 552 771 572 40‘
787 551 831 571 bor.
848 551 869 571 in
887 550 928 572 ὅδ’]
948 551 982 572 15¹
998 550 1040 579 (die
1057 553 1093 572 30.
1106 549 1169 580 Deci)
1186 554 1207 572 et
1223 551 1271 572 hinc
1289 551 1327 573 de-

357 584 423 604 crescit
439 584 462 604 iu
480 581 522 604 58⁰
540 582 576 603 δυ’
593 582 621 610 (d.
642 585 676 603 18.
693 582 761 609 ὕεια).
795 582 853 603 Haec
875 582 948 604 tabula
970 582 1065 603 confecta
1085 585 1117 603 cst
1133 588 1179 603 eum
1197 589 1222 604 ex
1239 582 1326 610 Keplerl

358 615 418 641 ipsius
434 614 628 640 observationibus,
646 617 689 634 tum
706 620 731 635 ex
749 614 932 635 observationibus
948 613 1062 635 Habrechti
1081 614 1271 641 Argentoratensis,
1289 614 1325 635 In-

358 645 527 671 golstadiensium
544 644 659 674 (sociorum
676 643 826 674 Jesuiturum),
843 645 921 666 Rhodii
937 645 1117 672 Wittsbergensis,
1135 645 1227 673 Welperi
1246 645 1326 667 Loren-

359 678 387 702 εἰς,
405 677 465 698 Remi
482 677 590 703 (Rastadii
608 681 628 698 et
645 677 781 704 Oenoponti),
798 676 882 698 Mlilleri
900 677 1023 704 Lipsiensis,
1040 676 1110 698 Ursini
1127 675 1179 705 (,‚ad
1191 676 1325 704 Viadrum¹‘).

429 709 459 729 Ex
476 708 510 729 his
527 708 711 729 observationibus
730 708 878 735 „undiquaque
890 709 1027 735 conquisitis“
1047 708 1165 734 concludit,
1182 708 1261 729 nullum
1279 708 1325 730 elici

360 746 414 766 posse
431 740 549 767 parallaxin
566 740 698 766 sensibile1113
716 740 796 761 caudae
814 739 964 765 longitudinem
982 740 1082 767 majorem
1100 746 1145 761 esse
1160 742 1234 761 10000
1247 739 1327 761 millia-

360 773 401 797 νῆες
418 772 545 798 geometrice
562 772 650 798 probare
667 772 745 797 nititur,
762 771 903 798 trajectoriam
920 775 1013 793 cometae
1030 772 1093 792 fnisse
1110 771 1188 792 lineam
1199 774 1284 797 rectam,
1301 777 1328 792 ex

360 803 459 830 aequabili
481 803 583 830 paulatim
604 803 703 823 ordinatis
726 803 862 824 decrementis
883 803 1065 830 languescentem,
1088 809 1151 830 quam
1173 809 1213 823 non
1234 802 1328 824 novandi

360 834 439 855 libidine
455 837 528 862 ponat,
544 834 581 855 scd
599 835 648 861 quia
665 834 776 855 multarum
793 835 962 861 apparentiarum
979 841 1054 855 causas
1071 834 1180 855 evidentes
1197 835 1290 856 invenlat
1307 835 1327 855 in

361 869 412 886 motu
434 866 555 892 rectilineo,
580 872 631 893 quas
653 867 673 886 in
697 866 791 887 circulari
813 869 871 886 motu
893 872 919 887 ne
936 867 1039 887 somniare
1057 865 1141 893 quidem
1158 865 1219 886 l'acile
1235 867 1263 886 sit
1279 864 1327 895 (cfr.

362 897 398 918 rol.
414 897 440 918 11.
457 904 478 925 p.
497 898 542 919 339
557 896 593 926 ss).
627 897 705 918 Locum
723 898 742 918 in
760 897 837 918 mundo
855 898 926 918 tribuit
943 901 1038 919 cometae
1055 898 1114 918 initio
1132 898 1184 918 inter
1201 897 1327 919 Mercurium

362 932 379 949 et
389 929 495 955 Venerem,
512 929 562 949 hinc
579 930 685 949 iransiisse
703 935 739 956 per
755 929 826 950 orbem
840 929 934 956 Veneris,
952 930 1006 950 circa
1018 931 1054 951 21.
1068 929 1117 950 Dec.
1135 929 1156 949 in
1172 929 1242 950 orbem
1254 929 1328 951 Martls

364 963 380 980 et
393 961 445 981 circa
460 960 523 981 finem
540 961 677 988 apparitionis
695 961 714 980 in
731 960 800 981 Jovis.

431 991 482 1013 Cum
504 996 587 1013 cometa
606 991 710 1013 secundus
727 995 748 1013 et
765 992 838 1013 tertius
855 991 928 1013 eodem
946 995 1038 1019 tempore
1055 992 1096 1012 sint
1114 992 1153 1012 visi
1171 995 1191 1013 et
1208 991 1235 1013 ab
1253 991 1327 1013 eodem

366 1022 410 1043 coeli
422 1023 467 1044 loco
479 1025 591 1050 progressi,
608 1023 667 1044 muln
685 1025 831 1044 observatores
848 1023 900 1044 duos
917 1024 980 1044 hosce
997 1024 1095 1044 inunum
1106 1023 1250 1044 confuderunt.
1273 1023 1329 1044 Hine

365 1055 446 1075 nascitur
463 1054 556 1082 Keplero
573 1056 656 1082 opinio,
674 1061 737 1075 unum
755 1057 858 1076 cometam
876 1055 896 1075 in
914 1055 966 1076 duas
983 1058 1053 1082 partes
1071 1054 1180 1076 dissiliisse
1196 1057 1217 1075 et
1233 1055 1329 1082 pluribus

365 1085 439 1113 inquirit
455 1092 486 1112 ca,
504 1092 559 1113 quae
576 1087 637 1108 refert
649 1086 729 1107 Seneca
746 1086 771 1107 de
789 1086 862 1107 eodem
879 1086 1024 1114 phaenomeno
1041 1092 1096 1107 anno
1113 1093 1133 1107 a.
1145 1086 1183 1107 Ch.
1196 1088 1240 1107 372
1257 1086 1328 1108 illam-

365 1122 398 1143 que
413 1116 544 1143 „illibatmn“
562 1122 618 1139 stare
635 1121 713 1139 censet.

427 1148 467 1170 His
489 1149 585 1176 adjungit
608 1149 712 1177 Keplerus
735 1150 882 1176 quaestiones,
905 1152 975 1170 motus
995 1152 1123 1170 cometarum
1149 1155 1328 1176 quorumcumque

367 1184 512 1202 concernentes:
535 1187 571 1201 cnr
588 1180 623 1201 alii
641 1181 712 1206 initio,
730 1180 765 1201 alii
782 1183 830 1208 post
847 1181 929 1201 initium
946 1180 1030 1202 diurnos
1049 1181 1128 1202 saciant
1147 1181 1262 1207 maximos,
1279 1184 1328 1202 ante

368 1213 440 1239 etpost
456 1212 565 1233 minores?
590 1212 660 1239 Quare
677 1213 697 1233 in
714 1212 755 1233 flue
771 1212 822 1233 fiunt
838 1212 898 1238 tardi,
917 1212 1034 1233 stationarii
1051 1212 1085 1233 vel
1102 1212 1234 1239 retrogradi?
1259 1211 1328 1239 Quare

369 1242 507 1270 utplurimum
525 1243 613 1265 circulos
630 1250 717 1270 magnos
735 1243 846 1265 videantur
863 1243 996 1265 describere?
1021 1243 1101 1270 Quare,
1123 1243 1175 1264 tardi
1192 1243 1252 1270 sacti,
1275 1244 1328 1265 inci-

369 1274 415 1300 piant
431 1281 517 1296 curvare
535 1276 609 1296 itinera
627 1275 681 1296 sna?
708 1275 866 1302 Responsiones
882 1275 909 1296 ad
926 1275 964 1296 bas
981 1274 1102 1302 similesque
1120 1276 1255 1302 quaestiones
1272 1276 1328 1296 inni-

367 1308 425 1326 tuntnr
442 1306 589 1333 ⁴‚tx-injectoriae
606 1306 739 1327 rectilineae“
759 1310 778 1327 ct
791 1306 868 1328 Terrae
885 1308 950 1327 motui
968 1313 1038 1328 annuo
1051 1304 1105 1328 circa
1116 1306 1194 1333 Solem,
1212 1313 1277 1334 quare
1294 1306 1328 1327 his

367 1337 459 1358 concludit
479 1338 583 1365 Keplerns
605 1338 685 1359 verbis:
714 1338 766 1358 Vale
786 1338 916 1364 Ptolemaeo,
939 1338 969 1359 ad
985 1338 1137 1359 Aristarchum
1160 1341 1257 1359 revertor
1277 1345 1328 1360 cum

368 1367 480 1395 (lmen-nico.

431 1400 499 1421 Libris
517 1400 544 1421 11.
557 1403 578 1421 et
590 1401 628 1421 llll
646 1404 733 1421 conatur
744 1400 855 1428 Keplerns,
873 1404 1000 1422 cometarum
1017 1403 1120 1426 naturam,
1139 1403 1206 1422 ortum
1224 1401 1245 1422 et
1261 1401 1328 1428 signi-

365 1430 464 1453 ficationes
480 1432 619 1459 astrologicas
636 1432 746 1459 explicare.
781 1433 879 1453 Cometes
896 1432 946 1453 dicit
963 1438 988 1453 ex
1005 1432 1089 1453 aethere
1107 1435 1172 1458 ortos,
1190 1434 1226 1460 qui
1243 1434 1328 1460 saepius

365 1467 482 1489 crassescat,
504 1465 533 1484 ita
554 1467 576 1484 nt
597 1463 671 1484 stellae
694 1469 797 1491 nequeant
820 1465 875 1484 cerni
896 1470 935 1485 nec
951 1463 988 1484 Sol
1009 1463 1078 1484 clarus
1099 1467 1206 1492 appareat.
1239 1464 1270 1485 Ex
1288 1465 1328 1485 liae

364 1500 424 1516 crassa
447 1496 537 1516 materia
559 1496 656 1523 opinatur
673 1495 777 1523 Keplcrns
800 1499 892 1517 cometas
913 1495 1046 1522 conglobari,
1070 1496 1089 1516 vi
1106 1496 1213 1517 facultatis
1229 1495 1327 1523 alicujus,

363 1532 408 1552 quae
430 1527 481 1548 insit
505 1527 614 1548 aethereae
637 1527 778 1553 substantiae,
803 1527 887 1548 animali
911 1530 948 1548 ant
969 1526 1028 1548 vitali
1050 1527 1144 1548 saeiiltati
1167 1526 1326 1554 comparandae.

363 1556 433 1579 Globos
455 1561 583 1579 cometarum
603 1558 720 1585 pellucidos
743 1564 789 1580 esse
810 1561 879 1579 censet
902 1563 922 1579 et
945 1559 965 1579 vi
986 1558 1092 1579 radiorum
1109 1558 1165 1580 Solis
1182 1559 1258 1579 sensim
1276 1564 1326 1578 sen·-

361 1595 433 1616 sunqne
454 1589 554 1616 dissolvi,
579 1596 704 1617 comparans
726 1590 779 1611 hanc
800 1589 925 1611 solutionem
943 1590 1067 1611 nebularum
1085 1589 1208 1611 discussioni
1231 1590 1251 1609 vi
1271 1588 1327 1610 Solls

361 1624 457 1646 peractae.
492 1621 577 1642 Gaudes
594 1624 721 1643 cometarum
739 1622 833 1642 similiter
852 1622 899 1642 oriri
919 1628 945 1642 ex
962 1622 1055 1648 ipsorum
1071 1627 1168 1648 corpore,
1193 1627 1206 1642 a
1222 1620 1272 1642 sole
1289 1627 1326 1642 ex-

361 1652 424 1678 pulsas
449 1656 470 1674 et
493 1652 626 1674 illuminatas.
660 1653 787 1674 Curi-atnam
810 1653 890 1674 ean-lae
913 1653 933 1673 in
959 1652 1085 1680 quibusdam
1103 1653 1199 1677 cometis,
1221 1652 1327 1674 variantes

361 1682 504 1711 longitudines,
530 1684 640 1705 distantias
665 1684 794 1711 quarundam
812 1692 825 1705 a
842 1685 919 1711 capite,
944 1684 1046 1705 interdum
1064 1684 1178 1705 divisiones
1195 1683 1277 1705 illarum
1301 1690 1326 1705 ex

362 1715 477 1736 retr-ctione
494 1715 598 1736 radiorum
615 1715 670 1737 Solis
686 1722 723 1743 per
740 1719 802 1743 capnt
820 1719 914 1737 cometae
931 1716 1013 1736 variata
1030 1715 1127 1742 explicat.

429 1747 467 1768 Ad
484 1747 704 1772 siunil'icationes
722 1748 824 1768 transit-ns
842 1748 930 1774 primum
947 1753 987 1768 non
999 1750 1061 1773 negat
1074 1746 1184 1773 Keplerus,
1202 1746 1245 1768 fieri
1256 1753 1325 1774 posse,

350 1780 380 1798 ·ut
399 1782 492 1800 cometae
516 1778 549 1799 vel
571 1778 638 1799 canda
656 1779 689 1800 vel
706 1780 774 1806 ipsum
792 1782 855 1805 caput
871 1778 957 1799 'l'erram
974 1781 1048 1805 tangat
1065 1778 1100 1799 vel
1117 1778 1144 1799 ab
1161 1785 1186 1799 ca
1203 1778 1325 1805 perforetur.

362 1807 401 1830 Hoc
416 1813 478 1837 paeto
495 1815 550 1831 nova
569 1813 589 1831 et
605 1810 689 1831 insolita
706 1811 793 1831 materia
810 1811 879 1831 aerem
896 1809 972 1830 Ten-ne
990 1809 1044 1831 infici
1062 1813 1224 1831 consentaneum
1242 1816 1288 1830 csse
1305 1813 1327 1831 et

362 1839 403 1862 hine
422 1842 470 1862 oriri
491 1847 554 1868 posse
576 1841 705 1863 universales
721 1848 759 1869 per
775 1845 842 1863 totum
859 1841 929 1862 orbem
947 1840 1024 1862 Terrae
1041 1841 1131 1863 morbus.
1164 1841 1224 1862 Alios
1240 1841 1326 1862 effectus

362 1871 379 1892 'm
393 1872 455 1894 Terra
472 1872 506 1894 vel
523 1874 544 1893 in
561 1873 693 1900 hominibns,
710 1875 726 1894 si
745 1874 780 1900 qui
798 1874 852 1899 sint,
869 1872 1006 1900 explicandos
1023 1876 1095 1895 censet
1110 1872 1209 1894 facultate
1226 1872 1263 1894 illa
1279 1873 1326 1894 ank
