1698 2250
364 258 409 283 108
599 258 630 278 De
643 258 728 278 Cometis
741 257 801 278 libelli
813 257 849 278 111.
876 258 966 283 Epistola
979 258 1104 279 dedicatoria.

363 323 519 345 conveniendus
536 329 565 350 es,
582 326 603 345 et
619 323 704 345 easdem
720 323 770 344 mihi
782 322 847 345 libelli
859 323 896 344 tibi
909 322 1034 345 inscribendi
1046 329 1121 345 causas
1132 323 1256 351 praebuisti,
1275 330 1340 351 prae-

361 357 461 382 tereaque
483 357 504 376 et
526 355 631 377 benefieiis
653 355 674 375 in
695 361 728 376 me
745 354 827 376 collatis
844 354 875 375 illi
890 360 930 382 par
944 360 968 376 as
984 357 1005 376 ct
1021 360 1092 376 amore
1108 355 1256 383 philosophiae
1273 355 1339 383 longe

362 387 469 414 superior,
493 386 609 409 eruditione
631 392 681 408 vcro
702 387 834 413 nominisque
855 385 978 408 claritudine
999 386 1062 414 plane
1084 392 1182 414 magnam
1199 387 1227 408 ad
1244 387 1339 408 rationes

362 418 442 445 priores
459 419 600 440 accessionem
617 418 676 439 facis.
708 417 784 445 Itaque
804 417 853 439 dum
870 418 1022 439 innominatum
1038 417 1146 446 alloquor,
1169 420 1214 440 tute
1231 421 1252 440 te
1268 419 1339 446 ipsum

362 448 459 471 subaudi.
942 465 945 469 ·

665 480 748 502 Nobilis
766 482 787 502 et
802 480 915 508 Magnifice
932 480 1029 502 Domine.

436 544 518 565 Literas
535 546 595 570 tuas,
618 543 694 571 quibus
711 549 779 565 meam
795 543 919 564 senteutiam
937 542 962 565 de
979 543 1033 570 situ,
1055 546 1113 565 motu
1130 547 1151 565 et
1167 547 1243 565 natum
1261 546 1337 573 nuperi

362 578 455 597 cometae
477 575 621 603 exquisivisti‚
642 578 666 596 ut
686 581 732 597 eam
754 581 801 596 cum
821 577 937 596 ceterorum
957 575 996 596 abs
1012 577 1033 596 te
1049 575 1144 597 collectis
1160 576 1266 603 suffragiis
1284 582 1337 598 con-

361 607 431 634 ferres,
447 612 495 628 cum
511 613 536 628 eo
553 607 599 634 ipso
615 609 708 634 tempore
720 607 854 634 accepissem,
870 612 912 633 quo
929 605 971 628 tale
987 607 1095 635 quippiam
1113 608 1133 628 in
1151 613 1227 634 genere
1244 607 1271 629 de
1289 610 1336 629 oni-

360 639 423 660 nibus
439 639 525 660 cometis
543 638 656 659 vernaculo
673 644 768 659 sermons
784 638 923 666 compositum
934 637 1091 666 Augustiuimo
1109 638 1251 660 Romanorum
1263 639 1335 666 Impe-

361 671 432 699 ratori,
449 670 540 692 Domino
557 672 628 690 nostro
645 669 806 692 elementissimo
823 668 909 690 tradidi:
925 675 968 690 nou
984 669 1076 692 absurde
1092 676 1126 692 ms
1137 670 1240 692 facturum
1251 671 1335 698 putavi,

361 703 379 724 si
400 701 525 729 quantulum
545 700 596 722 illud
616 704 660 722 erat
681 700 748 723 latino
768 706 863 722 sermone
879 699 983 722 redditum
999 701 1105 729 pauloque
1122 702 1243 723 accuratius
1260 702 1335 724 excul—

360 736 412 760 tum,
428 733 488 755 Tuae
504 732 557 754 Nob.
571 732 629 760 Mag.
646 733 731 760 publiea
746 732 881 760 inscriptione
897 732 1004 760 offerrem,
1021 735 1051 759 ut,
1068 733 1128 760 cujus
1144 734 1174 754 rei
1190 736 1276 761 gustum
1291 733 1336 755 213-

362 771 424 793 quem
441 765 567 792 praebuerat
583 765 666 792 privata
682 769 730 786 mea
744 764 860 791 responsio,
878 763 898 785 id
914 764 946 786 sio
961 764 983 785 in
1000 764 1077 792 vulgus
1088 765 1160 791 exiret,
1177 767 1201 786 ut
1211 768 1282 787 tamon
1293 764 1336 787 ali-

360 803 403 824 qua
419 797 499 817 ratione
516 796 536 816 in
553 798 590 817 tua
605 796 733 823 proprietate
748 798 885 823 permaneret.

436 827 517 855 Quodsi
534 833 634 855 magnum
650 826 730 855 aliquid
746 827 847 853 afferrem,
865 829 959 855 poteram
976 826 1023 848 aliis
1040 827 1070 848 uti
1087 827 1216 855 argumentis
1226 834 1268 849 non
1280 828 1336 850 male

360 859 458 881 collocati
475 859 572 880 muneris.
605 859 660 880 Nam
677 862 698 880 et
713 859 735 879 in
751 858 789 880 ills
804 861 867 886 geute
883 859 998 886 principem
1013 858 1084 880 locum
1102 859 1195 886 obtines,
1213 865 1268 887 qnae
1285 862 1336 881 tuae

360 890 452 912 familiae
472 896 629 918 paucorumque
649 890 737 911 aliarum
759 890 836 911 virtuto
853 889 955 911 industria
971 890 1115 917 exemplisque
1132 891 1235 918 paulatim
1251 893 1298 912 tota
1314 892 1335 912 in

360 923 437 944 samam
454 922 566 950 praecipue
582 921 704 943 eruditionis
721 921 840 948 efflorescit,
857 924 878 943 et
893 921 965 943 literas
982 922 1012 943 ita
1027 922 1127 949 privatim
1142 922 1251 949 amplexus
1263 929 1292 948 cs,
1311 929 1337 944 ac

359 954 378 975 si
395 953 422 975 ad
440 953 563 981 dignitatem
580 953 601 974 in
617 959 642 974 ea
657 955 720 980 gente
741 952 877 975 obtinendam
897 959 936 974 nec
956 959 1024 980 genus
1039 959 1079 975 nec
1096 959 1148 981 opes
1164 954 1279 982 quicquam
1295 961 1337 979 ys-

360 985 409 1011 lere,
426 991 465 1007 nec
481 987 561 1006 ceteras
579 985 668 1006 virtutes
683 983 778 1006 sufficere
794 984 918 1006 censuisses.
946 984 1097 1012 Qualecunque
1113 988 1183 1006 tumen
1200 985 1242 1006 hoe
1258 986 1297 1014 sit,
1314 983 1337 1007 ia

360 1020 381 1038 et
397 1019 481 1045 gratum
498 1017 536 1037 tibi
552 1016 604 1043 sore,
620 1022 679 1044 spem
697 1016 776 1037 fuciunt
793 1021 839 1037 cum
852 1016 926 1037 literne
938 1018 996 1042 tuae,
1011 1018 1055 1037 tum
1073 1017 1173 1038 memorio
1189 1019 1272 1038 tuorum
1288 1024 1334 1038 ser-

360 1054 445 1070 monum
461 1048 615 1074 eonvivalium,
632 1048 668 1075 qui
685 1047 711 1069 de
728 1050 803 1068 natura
819 1053 886 1069 rerutn
903 1047 941 1068 tibi
958 1047 1026 1069 solent
1043 1054 1089 1069 esse
1105 1047 1195 1075 plurimi,
1213 1051 1234 1070 et
1249 1049 1268 1070 si
1285 1055 1336 1077 gra-

360 1083 404 1102 tum
425 1080 464 1101 tibi
485 1086 531 1101 esse
552 1082 656 1107 nequeat,
678 1082 747 1100 tamen
764 1085 777 1100 a
794 1085 839 1105 rue,
861 1079 896 1106 qui
918 1079 939 1099 iu
960 1078 1001 1100 hoe
1017 1078 1116 1107 Reipubl.
1138 1086 1225 1107 corpore
1244 1080 1274 1101 nil
1294 1081 1336 1102 nisi

360 1111 408 1133 Vox
425 1117 483 1137 sum,
500 1110 555 1137 Tibi,
574 1111 610 1138 qui
627 1110 704 1132 Manus
720 1111 789 1132 vicem
805 1110 860 1138 geris
876 1113 899 1132 et
915 1111 936 1131 in
953 1111 1020 1131 vicem
1035 1117 1110 1132 manus
1127 1111 1186 1138 large
1202 1118 1262 1133 meae
1279 1110 1336 1133 Ura-

359 1143 407 1163 niae
429 1142 599 1170 opitulatus-es,
621 1141 755 1170 gratitudinis
775 1141 833 1163 aliud
854 1142 937 1170 signum
959 1144 1040 1170 praeter
1061 1142 1115 1164 hano
1136 1142 1243 1170 publicam
1259 1149 1336 1165 vocem

359 1173 418 1195 reddi
434 1180 476 1195 non
491 1176 569 1201 potest.
600 1173 654 1195 Vale
671 1176 691 1195 et
709 1174 754 1194 istis
771 1173 812 1195 tuis
829 1173 890 1195 novis
906 1172 1012 1199 laudibus,
1030 1180 1084 1201 quae
1101 1174 1140 1195 tibi
1157 1181 1182 1196 ex
1199 1174 1336 1196 administra-

359 1206 416 1227 tione
433 1204 511 1233 publici
527 1205 618 1227 muneris
635 1208 757 1231 nascentur,
778 1204 825 1227 illa-s
842 1204 906 1227 etiam
923 1205 1031 1232 antiquas,
1053 1211 1066 1227 a
1082 1205 1148 1227 literis
1164 1209 1248 1233 partas,
1271 1212 1334 1234 porro

360 1237 423 1258 etiam
440 1237 556 1259 admiscere
572 1242 645 1264 perge,
667 1237 757 1264 denique
780 1236 839 1258 brevi
861 1236 968 1257 ineuntem
990 1243 1069 1258 annum
1086 1239 1106 1258 et
1123 1237 1158 1265 qui
1176 1240 1289 1259 nascentur
1304 1238 1333 1259 ab

360 1268 397 1290 illo
413 1268 485 1290 felices
502 1269 616 1296 experiere.
650 1268 680 1290 id.
697 1268 751 1290 Nov.
770 1274 825 1289 anno
842 1268 935 1296 vulgaris
951 1274 1013 1290 neree
1033 1269 1099 1290 160⁷.

732 1337 788 1359 Nob.
804 1337 863 1365 Mag.
879 1336 939 1359 Tuae

914 1399 1093 1433 'Officiosissimus

1015 1462 1119 1493 loannes
1138 1463 1258 1501 Keplerus,

978 1507 996 1526 S.
1010 1506 1029 1526 0.
1045 1507 1096 1530 ΗΑ).
1110 1507 1295 1526 Mathematicus.
